<record><leader>00000cas a22000007a 4500</leader><controlfield tag="001">14516335</controlfield><controlfield tag="008">861024d18901900paudn ne      0    0eng d</controlfield><datafield ind1=" " ind2=" " tag="010"><subfield code="a">sn 86081906 </subfield></datafield><datafield ind1=" " ind2=" " tag="040"><subfield code="a">NPH</subfield><subfield code="b">eng</subfield><subfield code="c">NPH</subfield><subfield code="d">OCLCQ</subfield></datafield><datafield ind1=" " ind2=" " tag="042"><subfield code="a">msc</subfield></datafield><datafield ind1="0" ind2=" " tag="130"><subfield code="a">Williamsport sun and banner (Daily ed.)</subfield></datafield><datafield ind1="1" ind2="4" tag="245"><subfield code="a">The Williamsport sun and banner.</subfield></datafield><datafield ind1="1" ind2="7" tag="246"><subfield code="a">Sun</subfield></datafield><datafield ind1=" " ind2=" " tag="250"><subfield code="a">[Daily ed.].</subfield></datafield><datafield ind1=" " ind2=" " tag="260"><subfield code="a">Williamsport, Pa. :</subfield><subfield code="b">James W. Sweely,</subfield><subfield code="c">1890-1900.</subfield></datafield><datafield ind1=" " ind2=" " tag="300"><subfield code="a">10 v. :</subfield><subfield code="b">ill.</subfield></datafield><datafield ind1=" " ind2=" " tag="310"><subfield code="a">Daily (except Sunday)</subfield></datafield><datafield ind1="0" ind2=" " tag="362"><subfield code="a">Vol. 16, no. 29 (Feb. 4, 1890)-v. 25, no. 241 (Apr. 19, 1900).</subfield></datafield><datafield ind1=" " ind2=" " tag="752"><subfield code="a">United States</subfield><subfield code="b">Pennsylvania</subfield><subfield code="c">Lycoming</subfield><subfield code="d">Williamsport.</subfield></datafield><datafield ind1="0" ind2=" " tag="775"><subfield code="t">Williamsport sun and banner (Weekly ed.)</subfield><subfield code="w">(DLC)sn 86081907</subfield></datafield><datafield ind1="0" ind2="0" tag="780"><subfield code="t">Daily sun and banner (Williamsport, Pa.)</subfield><subfield code="w">(DLC)sn 85054440</subfield></datafield><datafield ind1="0" ind2="0" tag="785"><subfield code="t">Williamsport sun</subfield><subfield code="w">(DLC)sn 86063578</subfield></datafield></record>